@online{SmartHome,
	title = {Smart Home - Weltweit},
	url = {https://de.statista.com/outlook/dmo/smart-home/weltweit},
	urldate = {2022-01-20}
}
@online{IoT,
	title = {Internet der Dinge - Weltweit},
	url = {https://de.statista.com/outlook/tmo/internet-der-dinge/weltweit},
	urldate = {2022-01-20}
}
@online{IoT,
	title = {Internet der Dinge - Weltweit},
	url = {https://de.statista.com/outlook/tmo/internet-der-dinge/weltweit},
	urldate = {2022-01-20}
}
@online{IoT,
	title = {Internet der Dinge - Weltweit},
	url = {https://de.statista.com/outlook/tmo/internet-der-dinge/weltweit},
	urldate = {2022-01-20}
}
@online{SR04,
	title = {HC-SR04 Ultraschallsensor},
	url = {https://www.conrad.de/de/p/hc-sr04-abstandsmessung-ultraschall-ultrasonic-sensor-module-802235231.html},
	urldate = {2022-02-15}
}
@online{Pi3b,
	title = {Raspberry Pi 3b},
	url = {https://www.berrybase.de/raspberry-pi/raspberry-pi-computer/boards/raspberry-pi-3-modell-b},
	urldate = {2022-02-15}
}
@online{RFID,
	title = {RFID-Modul RC552},
	url = {https://www.az-delivery.de/products/rfid-set},
	urldate = {2022-02-15}
}
@online{ewe,
	title = {eWeLink DC5V},
	url = {https://www.kaufland.de/product/348563329/},
	urldate = {2022-02-15}
}
